@book{stora,
    author    = "Jón Hilmar Jónsson",
    title     = "Stóra orðabókin um íslenska málnotkun",
    publisher = "JPV forlag",
    address  = "Akureyri",
    year      = 2005}
    
@book{ic_en,
    author    = "Sverrir Hólmarsson and Christopher Sanders and John Tucker",
    title     = "Íslensk-ensk orðabók / Concise Icelandic-English Dictionary",
    publisher = "Iðunn",
    address  = "Reykjavík",
    year      = 2007}
    
@book{is,
    author    = "Mörður Árnason",
    title     = "Íslensk orðabók",
    publisher = "Edda",
    address  = "Reykjavík",
    year      = 2005}
    
    @book{cz1,
    author    = "Josef Filipec and František Daneš and Jaroslav Machač and Vladimír Mejstřík",
    title     = "Slovník spisovné češtiny pro školu a veřejnost",
    publisher = "Academia",
    address  = "Praha",
    year      = 2005}
    
     @book{cz2,
    author    = "Karel Pala and Jan Všianský",
    title     = "Slovník českých synonym",
    publisher = "Nakladatelství Lidové noviny",
    address  = "Praha",
    year      = 2001}
    
       @book{cz3,
    author    = "František Čermák and Michal Křen",
    title     = " Frekvenční slovník češtiny",
    publisher = "Nakladatelství Lidové noviny",
    address  = "Praha",
    year      = 2004}
    
    @book{is2,
    author    = "Jörgen Pind and Friðrik Magnússon and Stefán Briem",
    title     = "Íslensk orðtíðnibók",
    publisher = "Orðabók Háskólans",
    address  = "Reykjavík",
    year      = 1991}
    
     @book{is3,
    author    = "Sölvi Sveinsson",
    title     = "Íslensk orðtök",
    publisher = "Iðunn",
    address  = "Reykjavík",
    year      = 2009}
    
@book{is4,
    author    = "Stanislaw J. Bartoszek",
    title     = "Maly slownik islandzko-polski polsko-islandzki",
    publisher = "Wydawnictwo naukowe UAM",
    address  = "Poznan",
    year      = 2006}
    
@book{is5,
    author    = "Jón G. Friðjónsson",
    title     = "Mergur málsins",
    publisher = "Mál og menning",
    address  = "Reykjavík",
    year      = 2006}
    
@book{is6,
    author    = "Helgi Haraldsson",
    title     = "Rússnesk-íslensk orðabók",
    publisher = "Nesútgáfan",
    address  = "Reykjavík",
    year      = 1996 }
    
@book{is7,
    author    = "Vojtěch Kupča",
    title     = "Islandsko-český slovník",
    publisher = "Litera Proxima",
    address  = "Průhonice",
    year      = 2008}
  
    @book{is77,
    author    = "Vojtěch Kupča",
    title     = "Islandská gramatika",
    publisher = "Litera Proxima",
    address  = "Průhonice",
    year      = 2014}
    
@techreport{1024003,
  author       = {Sigurðsson, Halldor Armann},
  pages        = {40},
  title        = {Isländsk substantivböjning},
  year         = {2005},
}    

@book{is8,
    author    = "Sigurður Jónsson",
    title     = "Barnaorðabókin",
    publisher = "Iðunn",
    address  = "Reykjavík",
    year      = 2005}
    
@book{is9,
    author    = "Jean-Claude Corbeil and Ariane Archambault",
    title     = "Stóra myndorðabókin um allt milli himins og jarðar",
    publisher = "Mál og menning",
    address  = "Reykjavík",
    year      = 2007}
    
@book{is10,
    author    = "Indriði Gíslason and Höskuldur Þráinsson",
    title     = "Handbók um íslenskan framburð",
    publisher = "Rannsóknarstofnun Kennaraháskóla Íslands",
    address  = "Reykjavík",
    year      = 2000}
    
@book{is11,
    author    = "Höskuldur Þráinsson",
    title     = "Handbók um málfræði",
    publisher = "Námsgagnastofnun",
    address  = "Reykjavík",
    year      = 2008}
    
@book{is12,
    author    = "Sölvi Sveinsson",
    title     = "Íslenskir málshættir",
    publisher = "Iðunn",
    address  = "Reykjavík",
    year      = 2009}
    
@book{is13,
    author    = "Kristján Árnason",
    title     = "Íslensk tunga I. - Hljóð",
    publisher = "Almenna bókafélagið",
    address  = "Reykjavík",
    year      = 2005}
    
    @book{is14,
    author    = "Guðrún Kvaran",
    title     = "Íslensk tunga II. - Orð",
    publisher = "Almenna bókafélagið",
    address  = "Reykjavík",
    year      = 2005}
    
    @book{is15,
    author    = "Höskuldur Þráinsson",
    title     = "Íslensk tunga III. - Setningar",
    publisher = "Almenna bókafélagið",
    address  = "Reykjavík",
    year      = 2005}
    
@book{is16,
    author    = "Árni Böðvarsson",
    title     = "Orðaskyggnir",
    publisher = "Mál og menning",
    address  = "Reykjavík",
    year      = 1997}
    
@book{is17,
    author    = "Svavar Sigmundsson",
    title     = "Íslensk samheitaorðabók",
    publisher = "Mál og menning",
    address  = "Reykjavík",
    year      = 2006}
    
@book{is18,
    author    = "Valerij P. Berkov and Árni Böðvarsson",
    title     = "Íslenzk-rússnesk orðabók",
    publisher = "Ríkisútgáfa orðabóka yfir erlendar og innlendar tungur",
    address  = "Moskva",
    year      = 1962}

@online{DalvikVM,
  title = {Beygingarlýsing íslensks nútímamáls},
  url = {http://bin.arnastofnun.is/},
  author = {Kristín Bjarnadóttir},
  organization = {Stofnun Árna Magnússonar í íslenskum fræðum},
  urldate   = {2015-05},
  year = {2015}
}
    
@online{int1,
  title = {ISLEX-orðabókin},
  url = {http://islex.is},
  author = {Þórdís Úlfarsdóttir},
  organization = {Stofnun Árna Magnússonar í íslenskum fræðum},
  urldate   = {2015-05},
  year = {2015}
}
    

@online{int2,
  title = {Tölvuorðasafn},
  url = {http://tos.sky.is/},
  author = {Baldur Jónsson and Sigrún Helgadóttir and Þorsteinn Sæmundsson and Örn Kaldalóns},
  urldate   = {2015-05},
  year = {2015}
}

@online{int3,
  title = {Skrá um orðasambönd},
  url = {http://www.lexis.hi.is/osamb/osamb.pl},
  author = {Jón Hilmar Jónsson},
  urldate   = {2015-05},
  year = {2015}
}

@online{int4,
  title = {Sagnavefur},
  url = {https://notendur.hi.is//~gt/sagnavefur/index.htm},
  author = {Guðrún Theodórsdóttir},
  urldate   = {2015-05},
  year = {2015}
}

@online{int5,
  title = {Biolib.cz},
  url = {https://biolib.cz},
  author = {Onřej Zicha},
  urldate   = {2015-05},
  year = {2015}
}

@online{int6,
  title = {Internetová jazyková příručka},
  url = {http://prirucka.ujc.cas.cz/},
  author = {{Ústav pro jazyk český AV ČR, v. v. i.}},
  urldate   = {2015-05},
  year = {2015}
}

@online{int7,
  title = {Íslenskur orðasjóður},
  url = {http://wortschatz.uni-leipzig.de/ws_isl/},
  author = {E. Hallsteinsdóttir},
  urldate   = {2015-05},
  year = {2015}
}

@online{int8,
  title = {Slovník spisovného jazyka českého},
  url = {http://ssjc.ujc.cas.cz/search.php?db=ssjc},
  author = {B. Havránek and J. Bělič and M. Helcl and A. Jedlička},
  urldate   = {2015-05},
  year = {2015}
}

@online{int9,
  title = {Mörkuð íslensk málheild},
  url = {http://mim.hi.is/index.php?corpus=mim},
  author = {{Stofnun Árna Magnússonar í íslenskum fræðum - Orðfræðisvið}},
  organization = {Stofnun Árna Magnússonar í íslenskum fræðum},
  urldate   = {2015-05},
  year = {2015}
}
    

@online{int10,
  title = {Hljóðkerfi og orðhlutakerfi íslensku},
  url = {https://notendur.hi.is/eirikur/hoi.pdf},
  author = {Eiríkur Rögnvaldsson},
  urldate   = {2015-05},
  year = {2015}

}
   

@online{int11,
  title = {Nechybujte.cz},
  url = {http://www.nechybujte.cz/},
  author = {Lingea},
  organization = {Lingea},
  urldate   = {2015-05},
  year = {2015}
}
   
@online{int13,
  title = {Orðasafn íslensks framburðar},
  url = {http://www.hljod.hvalur.org},
  author = {Aleš Chejn and Amir Mulahumic and Jón Gíslason},
  urldate   = {2015-05},
  year = {2015}
}

@online{int12,
  title = {Wikipedia - frjálsa alfræðirit},
  url = {https://is.wikipedia.org},
  author = {Wikipedia},
 urldate   = {2015-05},
  year = {2015}
}
   
@online{int14,
  title = {Islandsko-český studijní slovník},
  url = {http://hvalur.org},
  author = {Aleš Chejn and Ján Zaťko and Jón Gíslason},
  urldate   = {2015-05},
  year = {2015}
}

   
@online{int19,
  title = {Dictionary System},
  url = {http://dictionary-system.hvalur.org/},
  author = {Aleš Chejn and Ján Zaťko},
  urldate   = {2015-05},
  year = {2015}
}

@online{int20,
  title = {Klub islandských fanatiků},
  url = {http://www.islandklub.com/},
  author = {Jana Jakšová},
  urldate   = {2015-05},
  year = {2015}
}


